<record><leader>00000cas a22000007a 4500</leader><controlfield tag="001">25157384</controlfield><controlfield tag="008">920124d18821894ncudn ne      0    0eng d</controlfield><datafield ind1=" " ind2=" " tag="010"><subfield code="a">sn 92072925 </subfield></datafield><datafield ind1=" " ind2=" " tag="040"><subfield code="a">NVJ</subfield><subfield code="b">eng</subfield><subfield code="c">NVJ</subfield><subfield code="d">OCLCQ</subfield></datafield><datafield ind1=" " ind2=" " tag="042"><subfield code="a">msc</subfield></datafield><datafield ind1="0" ind2=" " tag="130"><subfield code="a">Daily journal (New Berne, N.C. : 1882)</subfield></datafield><datafield ind1="1" ind2="4" tag="245"><subfield code="a">The daily journal.</subfield></datafield><datafield ind1=" " ind2=" " tag="260"><subfield code="a">New Berne, N.C. :</subfield><subfield code="b">J.W. Harper, H.S. Nunn</subfield></datafield><datafield ind1=" " ind2=" " tag="300"><subfield code="a">v.</subfield></datafield><datafield ind1=" " ind2=" " tag="310"><subfield code="a">Daily (except Monday)</subfield></datafield><datafield ind1="0" ind2=" " tag="362"><subfield code="a">Vol. 1, no. 1 (Apr. 1, 1882)-v. 13, no. 156 (Oct. 6, 1894).</subfield></datafield><datafield ind1=" " ind2=" " tag="580"><subfield code="a">Weekly eds.: New Berne journal, 1882, and: New Berne weekly journal, 1882-1914.</subfield></datafield><datafield ind1=" " ind2=" " tag="752"><subfield code="a">United States</subfield><subfield code="b">North Carolina</subfield><subfield code="c">Craven</subfield><subfield code="d">New Bern.</subfield></datafield><datafield ind1="1" ind2=" " tag="775"><subfield code="t">New Berne journal</subfield><subfield code="w">(DLC)sn 93064753</subfield></datafield><datafield ind1="1" ind2=" " tag="775"><subfield code="t">New Berne weekly journal</subfield><subfield code="w">(DLC)sn 92073219</subfield></datafield><datafield ind1="0" ind2="0" tag="785"><subfield code="t">New Berne daily journal</subfield><subfield code="w">(DLC)sn 93065770</subfield></datafield></record>